<record><leader>00000cas a22000007a 4500</leader><controlfield tag="001">21049262</controlfield><controlfield tag="008">900210d18981911aruwr ne      0    0eng d</controlfield><datafield ind1=" " ind2=" " tag="010"><subfield code="a">sn 90050049 </subfield></datafield><datafield ind1=" " ind2=" " tag="040"><subfield code="a">ANU</subfield><subfield code="b">eng</subfield><subfield code="c">ANU</subfield><subfield code="d">OCLCQ</subfield><subfield code="d">OCLCF</subfield><subfield code="d">OCLCO</subfield></datafield><datafield ind1=" " ind2=" " tag="042"><subfield code="a">msc</subfield></datafield><datafield ind1=" " ind2=" " tag="043"><subfield code="a">n-us-ar</subfield></datafield><datafield ind1="0" ind2="0" tag="245"><subfield code="a">Arkansas magnet.</subfield></datafield><datafield ind1=" " ind2=" " tag="260"><subfield code="a">Paris, Ark. ;</subfield><subfield code="a">Magazine, Ark. :</subfield><subfield code="b">J.W. Wagner</subfield></datafield><datafield ind1=" " ind2=" " tag="300"><subfield code="a">v.</subfield></datafield><datafield ind1=" " ind2=" " tag="310"><subfield code="a">Weekly</subfield></datafield><datafield ind1="1" ind2=" " tag="362"><subfield code="a">Began in 1898? Ceased in 1911.</subfield></datafield><datafield ind1=" " ind2=" " tag="500"><subfield code="a">Published at Paris, Ark., &lt;Oct. 4, 1906-Jan. 30, 1908&gt;.</subfield></datafield><datafield ind1=" " ind2=" " tag="588"><subfield code="a">Description based on: Vol. 1, no. 5 (Feb. 4, 1898).</subfield></datafield><datafield ind1=" " ind2="0" tag="651"><subfield code="a">Paris (Ark.)</subfield><subfield code="v">Newspapers.</subfield></datafield><datafield ind1=" " ind2="7" tag="655"><subfield code="a">Newspapers.</subfield><subfield code="2">fast</subfield><subfield code="0">(OCoLC)fst01423814</subfield></datafield><datafield ind1=" " ind2="7" tag="651"><subfield code="a">Arkansas</subfield><subfield code="z">Paris.</subfield><subfield code="2">fast</subfield><subfield code="0">(OCoLC)fst01216904</subfield></datafield><datafield ind1=" " ind2=" " tag="752"><subfield code="a">United States</subfield><subfield code="b">Arkansas</subfield><subfield code="c">Logan</subfield><subfield code="d">Paris.</subfield></datafield><datafield ind1=" " ind2=" " tag="752"><subfield code="a">United States</subfield><subfield code="b">Arkansas</subfield><subfield code="c">Logan</subfield><subfield code="d">Magazine.</subfield></datafield><datafield ind1="0" ind2="4" tag="785"><subfield code="t">Paris express (Paris, Ark. : 1880)</subfield><subfield code="w">(DLC)sn 89051220</subfield></datafield></record>